@article{alvarez2005k,
  title={k-core decomposition: A tool for the visualization of large scale networks},
  author={Alvarez-Hamelin, Jos{\'e} Ignacio and Dall'Asta, Luca and Barrat, Alain and Vespignani, Alessandro},
  journal={arXiv preprint cs/0504107},
  year={2005}
}


@article{jindal2014vertexica,
  title={Vertexica: your relational friend for graph analytics!},
  author={Jindal, Alekh and Rawlani, Praynaa and Wu, Eugene and Madden, Samuel and Deshpande, Amol and Stonebraker, Mike},
  journal={Proceedings of the VLDB Endowment},
  volume={7},
  number={13},
  pages={1669--1672},
  year={2014},
  publisher={VLDB Endowment}
}

@article{gatterbauer2015linearized,
  title={Linearized and single-pass belief propagation},
  author={Gatterbauer, Wolfgang and G{\"u}nnemann, Stephan and Koutra, Danai and Faloutsos, Christos},
  journal={Proceedings of the VLDB Endowment},
  volume={8},
  number={5},
  pages={581--592},
  year={2015},
  publisher={VLDB Endowment}
}