@inproceedings{dunne2013motif,
  title={Motif simplification: improving network visualization readability with fan, connector, and clique glyphs},
  author={Dunne, Cody and Shneiderman, Ben},
  booktitle={Proceedings of the SIGCHI Conference on Human Factors in Computing Systems},
  pages={3247--3256},
  year={2013},
  organization={ACM}
}

@article{koutra2015summarizing,
  title={Summarizing and understanding large graphs},
  author={Koutra, Danai and Kang, U and Vreeken, Jilles and Faloutsos, Christos},
  journal={Statistical Analysis and Data Mining: The ASA Data Science Journal},
  volume={8},
  number={3},
  pages={183--202},
  year={2015},
  publisher={Wiley Online Library}
}

@inproceedings{shah2015timecrunch,
  title={TimeCrunch: Interpretable Dynamic Graph Summarization},
  author={Shah, Neil and Koutra, Danai and Zou, Tianmin and Gallagher, Brian and Faloutsos, Christos},
  booktitle={Proceedings of the 21th ACM SIGKDD International Conference on Knowledge Discovery and Data Mining},
  pages={1055--1064},
  year={2015},
  organization={ACM}
}